year,fiscalDateEnding_balance,reportedCurrency_balance,totalAssets,totalCurrentAssets,cashAndCashEquivalentsAtCarryingValue,cashAndShortTermInvestments,inventory,currentNetReceivables,totalNonCurrentAssets,propertyPlantEquipment,accumulatedDepreciationAmortizationPPE,intangibleAssets,intangibleAssetsExcludingGoodwill,goodwill,investments,longTermInvestments,shortTermInvestments,otherCurrentAssets,otherNonCurrentAssets,totalLiabilities,totalCurrentLiabilities,currentAccountsPayable,deferredRevenue,currentDebt,shortTermDebt,totalNonCurrentLiabilities,capitalLeaseObligations,longTermDebt,currentLongTermDebt,longTermDebtNoncurrent,shortLongTermDebtTotal,otherCurrentLiabilities,otherNonCurrentLiabilities,totalShareholderEquity,treasuryStock,retainedEarnings,commonStock,commonStockSharesOutstanding,fiscalDateEnding_income,reportedCurrency_income,grossProfit,totalRevenue,costOfRevenue,costofGoodsAndServicesSold,operatingIncome,sellingGeneralAndAdministrative,researchAndDevelopment,operatingExpenses,investmentIncomeNet,netInterestIncome,interestIncome,interestExpense,nonInterestIncome,otherNonOperatingIncome,depreciation,depreciationAndAmortization,incomeBeforeTax,incomeTaxExpense,interestAndDebtExpense,netIncomeFromContinuingOperations,comprehensiveIncomeNetOfTax,ebit,ebitda,netIncome,fiscalDateEnding,reportedCurrency,operatingCashflow,paymentsForOperatingActivities,proceedsFromOperatingActivities,changeInOperatingLiabilities,changeInOperatingAssets,depreciationDepletionAndAmortization,capitalExpenditures,changeInReceivables,changeInInventory,profitLoss,cashflowFromInvestment,cashflowFromFinancing,proceedsFromRepaymentsOfShortTermDebt,paymentsForRepurchaseOfCommonStock,paymentsForRepurchaseOfEquity,paymentsForRepurchaseOfPreferredStock,dividendPayout,dividendPayoutCommonStock,dividendPayoutPreferredStock,proceedsFromIssuanceOfCommonStock,proceedsFromIssuanceOfLongTermDebtAndCapitalSecuritiesNet,proceedsFromIssuanceOfPreferredStock,proceedsFromRepurchaseOfEquity,proceedsFromSaleOfTreasuryStock,changeInCashAndCashEquivalents,changeInExchangeRate,netIncome_cashflow,Current Ratio,Quick Ratio,Debt Equity Ratio,ROE,ROA,Dividend Yield,EBITDA,Adjusted Close,EPS,Revenue per Share,Book Value per Share,P/E Ratio,P/S Ratio,P/B Ratio,Company
2017,12/31/2017,USD,3421566000,2366794000,334063000,2043039000,0,279473000,1077472000,166762000,37763000,806355000,166473000,639882000,22700000,22700000,1708976000,44282000,81655000,429239000,346256000,71194000,,,16033000,109283000,16033000,16033000,16033000,,16033000,275062000,82983000,2992327000,,-4656667000,12000,1222202000,12/31/2017,USD,107487000,824949000,717462000,96300000,-3485576000,2058200000,1534863000,3624563000,21096000,-3456000,21096000,3456000,1000000,4528000,,31500000,-3463408000,-18342000,3456000,-3445066000,-3428852000,-3459952000,-3428452000,-3445066000,12/31/2017,USD,-734667000,6226000,,159976000,148911000,61288000,92625000,104357000,,-3445066000,-1357010000,2265348000,,,0,,,0,,,,0,2669176000,,183942000,,-3445066000,6.83538769,6.83538769,0.143446555,-1.151299975,-1.0068682,0,-3454076000,14.61,-2.420885978,0.579700786,2.102741276,-6.034980636,25.20265689,6.948073055,Snapchat
2018,12/31/2018,USD,2714106000,1675928000,387149000,1279063000,0,354965000,1081778000,212560000,66996000,758424000,126054000,632370000,935514000,43600000,891914000,41900000,67194000,403107000,292691000,30876000,10957000,,,127216000,,,,,16800000,261815000,110416000,2310999000,,-5912578000,16000,1317761000,12/31/2018,USD,375487000,1174352000,798865000,120300000,-1268450000,877846000,772185000,1726186000,27228000,-3894000,27228000,3894000,1178246000,-8248000,,42600000,-1253364000,2547000,3894000,-1255911000,-1266921000,-1249470000,-1206870000,-1255911000,12/31/2018,USD,-689924000,1498000,,-41492000,54127000,91648000,122807000,77506000,,-1255911000,694454000,47437000,,,0,,,0,,,,0,47988000,,51967000,,-1255911000,5.725929393,5.725929393,0.17442976,-0.543449391,-0.462734691,0,-1225850000,5.51,-0.882542549,0.825230138,1.623964555,-6.243325045,6.676925317,3.392931196,Snapchat
2019,12/31/2019,USD,4011924000,2643986000,520317000,2112805000,2,492194000,1422938000,173667000,112560000,853274000,92121000,761153000,1647488000,55000000,1592488000,38987000,65550000,1752011000,499675000,46886000,20082000,42179000,42179000,1252336000,345357000,891776000,,891776000,891776000,390528000,57382000,2259913000,,-6945930000,14000,1415796000,12/31/2019,USD,839301000,1735139000,895838000,174700000,-1103328000,1039515000,883509000,1916541000,36042000,-24994000,36042000,24994000,1755417000,59013000,,33400000,-1033267000,393000,24994000,-1033660000,-1036234000,-1008273000,-974873000,-1033660000,12/31/2019,USD,-304958000,66300000,,165783000,156542000,87245000,36478000,147862000,,-1033660000,-728608000,1165852000,,,,,,0,,,,,16527000,,132286000,,-1033660000,5.291411417,5.291411413,0.77525595,-0.457389289,-0.257646954,0,-1069928000,16.33,-0.726364314,1.219301365,1.588065858,-22.48183136,13.39291538,10.28294886,Snapchat
2020,12/31/2020,USD,5024238000,3337975000,545618000,2537540000,1,744288000,1855763000,178709000,134452000,1045188000,105929000,939259000,2161422000,169500000,1991922000,56147000,192638000,2694262000,667327000,71908000,27814000,,41077000,2026935000,328369000,1675169000,,1675169000,1675169000,237095000,64474000,2329976000,,-7891542000,14000,1503333000,12/31/2020,USD,1229708000,2412213000,1182505000,324300000,-862072000,1084632000,1101561000,2219693000,18127000,-97228000,18127000,97228000,2506626000,14988000,,33500000,-926185000,18654000,97228000,-944839000,-924049000,-828957000,-795457000,-944839000,12/31/2020,USD,-167644000,85319000,,138792000,281847000,86744000,57832000,255818000,,-944839000,-729864000,922791000,,0,0,,,0,,,,,34209000,,25283000,,-944839000,5.002008011,5.00200801,1.156347533,-0.405514477,-0.188056179,0,-828572000,50.07,-0.663948815,1.695088752,1.637299903,-75.41243979,29.53827635,30.58083611,Snapchat
2021,12/31/2021,USD,7536306000,4854002000,1993809000,3886085000,0,1068873000,2682304000,202644000,175260000,1866106000,277654000,1588452000,3199076000,,1892276000,92244000,291302000,3746138000,851786000,125282000,44473000,,52396000,2894352000,377905000,2253087000,,2253087000,2253087000,629635000,315756000,3790168000,0,-8284466000,16000,1619283000,12/31/2021,USD,2351604000,4101850000,1750246000,679000000,-702069000,1503404000,1565467000,3132071000,5199000,-17676000,5199000,17676000,4117048000,240175000,,63200000,-474371000,13584000,59214000,-487955000,-503797000,-456695000,-393495000,-487955000,12/31/2021,USD,292880000,84787000,,176645000,370490000,119141000,69875000,332967000,,-487955000,90227000,1065073000,,0,0,,,0,,,,,14671000,,1448180000,,-487955000,5.698616789,5.698616789,0.988383101,-0.128742314,-0.064747238,0,-638869000,47.03,-0.342891375,2.882415358,2.66339297,-137.1571391,16.31617729,17.65792751,Snapchat
2022,12/31/2022,USD,8029538000,5256647000,1423121000,4030624000,1,1183092000,2772891000,271777000,218593000,1850600000,204480000,1646120000,5016003000,,2607503000,134431000,279562000,5448840000,1215599000,181774000,50782000,,46485000,4233241000,432756000,3742520000,,3742520000,3742520000,936558000,104450000,2580698000,500514000,-10214657000,15000,1625398000,12/31/2022,USD,2812067000,4627409000,1815342000,681900000,-1395306000,2072011000,2109800000,4503060000,58597000,-21459000,58597000,21459000,4601847000,-42529000,,132300000,-1400697000,28956000,21459000,-1429653000,-1449148000,-1379238000,-1246938000,-1429653000,12/31/2022,USD,184614000,103773000,,123654000,161201000,202173000,129306000,119780000,,-1429653000,-1062275000,306714000,,1001052000,1001052000,,,0,,,,,-996780000,,,,-1429653000,4.324326525,4.324326525,2.111382269,-0.553979195,-0.178049223,0,-1263006000,8.95,-1.004632974,3.25173148,1.813485025,-8.908726103,2.752379787,4.935248913,Snapchat
2023,12/31/2023,USD,7967758000,4975843000,1780400000,3557680000,1,1278176000,2991915000,410326000,264384000,1838130000,146303000,1691827000,3563680000,,1777280000,153587000,226597000,5553646000,1134118000,278961000,93706000,,49321000,4419528000,595600000,3749400000,0,3749400000,3749400000,712130000,123849000,2414112000,479903000,-11726536000,16000,1694696000,12/31/2023,USD,2481020000,4595137000,2114117000,675000000,-1398379000,1979515000,1910862000,4012277000,168394000,-22024000,168394000,22024000,4617161000,-42414000,,81100000,-1294423000,28062000,22024000,-1322485000,-1301380000,-1272399000,-1191299000,-1322485000,12/31/2023,USD,246521000,107944000,,166273000,105809000,168441000,211727000,98127000,,-1322485000,570954000,-458789000,,189394000,189394000,,,0,,,,,-188356000,,,,-1322485000,4.387412068,4.387412067,2.300492272,-0.547814269,-0.165979564,0,-1317279000,16.93,-0.929324835,3.229053589,1.696423201,-18.2175267,5.243022308,9.979821069,Snapchat
2009,9/30/2009,USD,47501000000,31555000000,5263000000,23464000000,455000000,3361000000,23520000000,1780000000,1713000000,453000000,247000000,206000000,,10528000000,18201000000,1444000000,2011000000,15861000000,11506000000,5601000000,,,1948000000,4355000000,,,,,,3376000000,3502000000,31640000000,,23353000000,8210000000,899805500,9/30/2009,USD,17222000000,42905000000,29832000000,25683000000,11740000000,4149000000,1333000000,5482000000,,,,326000000,,326000000,,606000000,12066000000,3831000000,,8235000000,8321000000,11740000000,12346000000,8235000000,9/30/2009,USD,10159000000,,,452000000,1787000000,703000000,1144000000,939000000,-54000000,8235000000,-17434000000,663000000,,,,,,0,,475000000,,,475000000,,-6612000000,,8235000000,2.742482183,2.702937598,0.501295828,0.260271808,0.173364771,0,12346000000,6.3551,0.544794189,2.838420725,2.09317403,11.66513911,2.238956312,3.036106845,Apple
2010,9/30/2010,USD,75183000000,41678000000,11261000000,25620000000,1051000000,5510000000,57101000000,2174000000,2466000000,1083000000,342000000,741000000,39750000000,25391000000,14359000000,3447000000,2263000000,27392000000,20722000000,12015000000,4123000000,,2466000000,10970000000,,,,,,5723000000,5531000000,47791000000,,37169000000,10668000000,915970050,9/30/2010,USD,25684000000,65225000000,45873000000,39541000000,18385000000,5517000000,1782000000,7299000000,,,,155000000,,155000000,,815000000,18540000000,4527000000,,14013000000,13890000000,18385000000,19200000000,14013000000,9/30/2010,USD,18595000000,,,8302000000,5576000000,69000000,2005000000,4860000000,596000000,14013000000,-13854000000,1257000000,,,,,,0,,912000000,,,912000000,,5998000000,,14013000000,2.011292346,1.960573304,0.573162311,0.293214204,0.18638522,0,19200000000,9.7275,0.927043226,4.315021368,3.161658662,10.49303821,2.254334143,3.076707842,Apple
2011,9/30/2011,USD,1.16371E+11,44988000000,9815000000,25952000000,776000000,5369000000,1.23607E+11,7777000000,3991000000,4432000000,3536000000,896000000,71755000000,55618000000,16137000000,4529000000,3556000000,39756000000,27970000000,14632000000,5777000000,,5606000000,21886000000,,,,,,9247000000,10100000000,76615000000,,62841000000,13331000000,929277000,9/30/2011,USD,43818000000,1.08249E+11,73630000000,64431000000,33790000000,7599000000,2429000000,10028000000,519000000,0,,0,,-104000000,,1600000000,34205000000,8283000000,0,25922000000,26411000000,34205000000,35805000000,25922000000,9/30/2011,USD,37529000000,,,8664000000,2907000000,192000000,4260000000,1791000000,-275000000,25922000000,-40419000000,1444000000,,0,0,,,0,,831000000,0,,831000000,,-1446000000,,25922000000,1.608437612,1.5806936,0.518906219,0.338341056,0.222753091,0,35390000000,12.2136,1.714894349,7.161314651,5.068537557,7.122071402,1.705496909,2.409689159,Apple
2012,9/30/2012,USD,1.76064E+11,57653000000,10746000000,29129000000,791000000,10930000000,2.13533E+11,15452000000,6435000000,5359000000,4224000000,1135000000,1.10505E+11,92122000000,18383000000,6458000000,5478000000,57854000000,38542000000,21175000000,8601000000,,6310000000,35976000000,,0,,,,11414000000,16664000000,1.1821E+11,,1.01289E+11,16422000000,939208000,9/30/2012,USD,68662000000,1.56508E+11,1.00486E+11,87846000000,55241000000,10040000000,3381000000,13421000000,1088000000,0,,0,,-566000000,,2600000000,55763000000,14030000000,0,41733000000,41789000000,55763000000,58363000000,41733000000,9/30/2012,USD,50856000000,0,,9843000000,10142000000,605000000,8295000000,6965000000,15000000,41733000000,-48227000000,-1698000000,0,0,0,,2488000000,2488000000,,665000000,0,,665000000,,931000000,,41733000000,1.495848685,1.475325619,0.489417139,0.353041198,0.237033124,0.15150408,57841000000,16.1938,2.76088596,10.35393429,7.820293997,5.865436035,1.564023833,2.070740564,Apple
2013,9/30/2013,USD,2.07E+11,73286000000,14259000000,40546000000,1764000000,13102000000,2.39929E+11,16597000000,11922000000,5756000000,4179000000,1577000000,1.46761E+11,1.06215E+11,26287000000,6882000000,5146000000,83451000000,43658000000,22367000000,10060000000,,0,39322000000,,16960000000,,15900000000,16960000000,13856000000,20208000000,1.23549E+11,,1.04256E+11,19764000000,899213000,9/30/2013,USD,64304000000,1.70774E+11,1.23236E+11,1.06606E+11,48999000000,10830000000,4475000000,15305000000,1616000000,-136000000,,136000000,,-324000000,,5800000000,50155000000,13118000000,136000000,37037000000,36067000000,50291000000,56091000000,37037000000,9/30/2013,USD,53666000000,0,,8320000000,1842000000,960000000,8165000000,1949000000,973000000,37037000000,-33774000000,-16379000000,0,22860000000,22860000000,,10528000000,10564000000,,530000000,16896000000,,-22330000000,,3513000000,,37037000000,1.678638508,1.638233543,0.675448607,0.299775797,0.178922705,0.534507185,54799000000,17.4991,2.450217653,11.29771497,8.173500576,7.141855328,1.548906132,2.140955376,Apple
2014,9/30/2014,USD,2.31839E+11,68531000000,13844000000,25077000000,2111000000,27219000000,2.9347E+11,20624000000,18391000000,8758000000,4142000000,4616000000,1.55239E+11,1.30162E+11,11233000000,9806000000,3764000000,1.20292E+11,63448000000,30196000000,11522000000,6308000000,6308000000,52683000000,,28987000000,0,28987000000,35295000000,18453000000,24826000000,1.11547E+11,,87152000000,23313000000,5866161000,9/30/2014,USD,70537000000,1.82411E+11,1.31151E+11,1.12258E+11,52503000000,11993000000,6041000000,18034000000,1795000000,-384000000,,384000000,,-431000000,,6900000000,53483000000,13973000000,384000000,39510000000,41063000000,53867000000,60767000000,39510000000,9/30/2014,USD,1.09133E+11,339000000,,13408000000,6361000000,1100000000,9571000000,6452000000,76000000,39510000000,-22579000000,-37549000000,6306000000,45000000000,45000000000,,11031000000,11126000000,,730000000,11960000000,,-44270000000,,-415000000,,39510000000,1.080112848,1.046841508,1.078397447,0.354200472,0.17041999,0.477244456,59403000000,24.6068,2.6138213,12.06757168,7.37949695,9.414109528,2.039084635,3.334482034,Apple
2015,9/30/2015,USD,2.90345E+11,89378000000,21120000000,41601000000,2349000000,30343000000,3.65166E+11,22471000000,26786000000,9009000000,3893000000,5116000000,2.05666E+11,1.64065E+11,20481000000,15085000000,5422000000,1.7099E+11,80610000000,35490000000,12564000000,10999000000,8499000000,1.23941E+11,,57400000000,2500000000,53329000000,1.19787E+11,25181000000,33427000000,1.19355E+11,,92284000000,27416000000,5578753000,9/30/2015,USD,93626000000,2.32982E+11,1.63618E+11,1.40089E+11,71230000000,14329000000,8067000000,22396000000,2921000000,-733000000,,733000000,,-903000000,,9200000000,72515000000,19121000000,733000000,53394000000,51967000000,73248000000,82448000000,53394000000,9/30/2015,USD,81266000000,514000000,,15188000000,-194000000,9200000000,11488000000,-611000000,238000000,53394000000,-56274000000,-17716000000,4382000000,35253000000,35253000000,,11561000000,11561000000,,543000000,27114000000,,-34710000000,,7276000000,,53394000000,1.108770624,1.079630319,1.432616983,0.447354531,0.183898466,0.421688065,80430000000,23.8642,3.532330409,15.41314386,7.896042552,6.755936516,1.548301905,3.022298809,Apple
2016,9/30/2016,USD,3.21686E+11,1.06869E+11,20484000000,67155000000,2132000000,29299000000,3.85247E+11,27010000000,34235000000,8620000000,3206000000,5414000000,2.37585E+11,1.7043E+11,46671000000,8283000000,8757000000,1.93437E+11,79006000000,37294000000,11010000000,11600000000,8100000000,1.50505E+11,,85200000000,3500000000,75427000000,1.64694E+11,22027000000,36074000000,1.28249E+11,,96364000000,31251000000,5336166000,9/30/2016,USD,84263000000,2.15639E+11,1.31376E+11,1.31376E+11,60024000000,14194000000,10045000000,24239000000,3999000000,-1456000000,3999000000,1456000000,,-1195000000,8300000000,8300000000,61372000000,15685000000,1456000000,45687000000,46666000000,62828000000,71128000000,45687000000,9/30/2016,USD,66231000000,1316000000,,-1867000000,-2351000000,10505000000,13548000000,-1044000000,-217000000,45687000000,-45977000000,-20890000000,-794000000,29722000000,29722000000,,12150000000,11965000000,,495000000,24954000000,,-29227000000,,-636000000,,45687000000,1.352669418,1.325684125,1.508292462,0.356236696,0.142023588,0.382867748,68324000000,26.8426,3.022466558,14.26580135,8.484433507,8.881024648,1.88160478,3.163746876,Apple
2017,9/30/2017,USD,3.75319E+11,1.28645E+11,20289000000,74181000000,4855000000,35673000000,2.46674E+11,33783000000,41293000000,8015000000,2298000000,5717000000,2.68895E+11,1.94714E+11,53892000000,13936000000,18177000000,2.41272E+11,1.00814E+11,44242000000,10384000000,18473000000,11977000000,1.40458E+11,,1.12596E+11,6496000000,97207000000,2.19794E+11,30551000000,40415000000,1.34047E+11,,98330000000,35867000000,5126201000,9/30/2017,USD,88186000000,2.29234E+11,1.41048E+11,1.41048E+11,61344000000,15261000000,11581000000,26842000000,5201000000,-2323000000,5201000000,2323000000,2.29234E+11,-133000000,8200000000,1200000000,64089000000,15738000000,2323000000,48351000000,47567000000,66412000000,67612000000,48351000000,9/30/2017,USD,64225000000,2092000000,,8838000000,14388000000,10157000000,12795000000,6347000000,2723000000,48351000000,-46446000000,-17974000000,7704000000,32900000000,32900000000,,12769000000,12563000000,,555000000,28662000000,,-32345000000,,-195000000,,48351000000,1.276062848,1.227904854,1.799906003,0.360701843,0.128826412,0.350266261,62544000000,39.8547,3.19870599,15.16519139,8.868005663,12.45963215,2.62803805,4.494212286,Apple
2018,9/30/2018,USD,3.65725E+11,1.31339E+11,25913000000,25913000000,3956000000,48995000000,2.34386E+11,41304000000,49099000000,,,,4.48287E+11,1.70799E+11,40388000000,12087000000,22283000000,2.58578E+11,1.15929E+11,55888000000,14766000000,20748000000,11964000000,1.42649E+11,,1.11984E+11,8784000000,93735000000,2.20132E+11,33327000000,48914000000,1.07147E+11,,70400000000,40201000000,4754986000,9/30/2018,USD,1.01839E+11,2.65595E+11,1.63756E+11,1.63756E+11,70898000000,16705000000,14236000000,30941000000,5686000000,-3240000000,5686000000,3240000000,2.65595E+11,-441000000,9300000000,9300000000,72903000000,13372000000,3240000000,59531000000,56505000000,76143000000,81801000000,59531000000,9/30/2018,USD,77434000000,3022000000,,47665000000,12927000000,10903000000,13313000000,13332000000,-828000000,59531000000,16066000000,-87876000000,-74000000,72738000000,72738000000,,13712000000,13712000000,,669000000,6969000000,,-72069000000,,5624000000,,59531000000,1.132926188,1.098801853,2.413301352,0.555601183,0.162775309,0.341086043,80198000000,37.706,3.93832943,17.57068762,7.088410802,9.574110208,2.145960409,5.319386962,Apple
2019,9/30/2019,USD,3.38516E+11,1.62819E+11,48844000000,1.00557E+11,4106000000,45804000000,1.75697E+11,37378000000,58579000000,,,,3.62952E+11,1.05341E+11,51713000000,12352000000,32978000000,2.48028E+11,1.05718E+11,46236000000,13622000000,16240000000,5980000000,1.4231E+11,,1.1776E+11,10260000000,91807000000,2.09135E+11,37720000000,50503000000,90488000000,,45898000000,45174000000,4443236000,9/30/2019,USD,98392000000,2.56598E+11,1.80027E+11,1.61782E+11,63930000000,18245000000,16217000000,34462000000,4961000000,-3576000000,4961000000,3576000000,2.60174E+11,422000000,11300000000,11300000000,65737000000,10481000000,3576000000,55256000000,58037000000,69313000000,76477000000,55256000000,9/30/2019,USD,69391000000,3423000000,,-7248000000,-3760000000,12547000000,10495000000,-3176000000,289000000,55256000000,45896000000,-90976000000,-11954000000,66897000000,66897000000,,14119000000,14119000000,,781000000,6963000000,,-66116000000,,24311000000,,55256000000,1.540125617,1.501286441,2.741004332,0.610644505,0.163230098,0.31254704,75230000000,71.2518,3.655512775,16.97548261,5.986318951,19.49160197,4.197335749,11.90243964,Apple
2020,9/30/2020,USD,3.23888E+11,1.43713E+11,38016000000,90943000000,4061000000,37445000000,1.80175E+11,36766000000,66760000000,,,,3.45644E+11,1.00887E+11,52927000000,11264000000,42522000000,2.58549E+11,1.05392E+11,42296000000,16843000000,13793000000,4996000000,1.53157E+11,637000000,1.25873E+11,8773000000,98667000000,2.1686E+11,42684000000,54490000000,65339000000,,14966000000,50779000000,16976763000,9/30/2020,USD,1.04956E+11,2.71642E+11,1.89475E+11,1.69559E+11,66288000000,19916000000,18752000000,38668000000,3763000000,-2873000000,3763000000,2873000000,2.74515E+11,-87000000,9700000000,11056000000,67091000000,9680000000,2873000000,57411000000,57453000000,69964000000,77344000000,57411000000,9/30/2020,USD,80674000000,4502000000,,6935000000,1245000000,11056000000,7309000000,-8470000000,127000000,57411000000,-4289000000,-86820000000,-1926000000,72358000000,72358000000,,14081000000,14081000000,,880000000,16091000000,,-71478000000,,-10435000000,,57411000000,1.363604448,1.325072112,3.95703944,0.878663585,0.177255718,0.277299671,77344000000,129.8986,3.798078831,17.97073261,4.322563146,34.2011332,7.228341928,30.05129031,Apple
2021,9/30/2021,USD,3.51002E+11,1.34836E+11,34940000000,62639000000,6580000000,51506000000,2.16166E+11,39440000000,70283000000,,,,3.18994E+11,1.27877E+11,27699000000,14111000000,48849000000,2.87912E+11,1.25481E+11,54763000000,19512000000,15692000000,6000000000,1.62431E+11,769000000,1.187E+11,9613000000,1.09106E+11,2.41783E+11,47493000000,53325000000,63090000000,,5562000000,57365000000,16426786000,9/30/2021,USD,1.52836E+11,3.63172E+11,2.34954E+11,2.12981E+11,1.08949E+11,21973000000,21914000000,43887000000,2843000000,-2645000000,2843000000,2645000000,3.65817E+11,60000000,9500000000,11284000000,1.09207E+11,14527000000,2645000000,94680000000,95249000000,1.11852E+11,1.20233E+11,94680000000,9/30/2021,USD,1.04038E+11,4087000000,,19801000000,24712000000,11284000000,11085000000,14028000000,2642000000,94680000000,-14545000000,-93353000000,2044000000,85971000000,85971000000,,14467000000,14467000000,,1105000000,20393000000,,-84866000000,,-3860000000,,94680000000,1.07455312,1.022114902,4.563512443,1.500713267,0.269742053,0.252192103,1.20233E+11,174.9056,6.263644663,24.02598605,4.173778431,27.92393397,7.279851058,41.90581817,Apple
2022,9/30/2022,USD,3.52755E+11,1.35405E+11,23646000000,48304000000,4946000000,60932000000,2.1735E+11,42117000000,72340000000,,,,2.9287E+11,1.20805E+11,24658000000,21223000000,54428000000,3.02083E+11,1.53982E+11,64115000000,20312000000,21239000000,9982000000,1.48101E+11,812000000,1.10087E+11,11128000000,98959000000,2.33256E+11,60845000000,49142000000,50672000000,,-3068000000,64849000000,15943425000,9/30/2022,USD,1.70782E+11,3.91397E+11,2.4864E+11,2.23546E+11,1.19437E+11,25094000000,26251000000,51345000000,2825000000,-2931000000,106000000,2931000000,3.94328E+11,-228000000,8700000000,11104000000,1.19103E+11,19300000000,2931000000,99803000000,88531000000,1.22034E+11,1.30541E+11,99803000000,9/30/2022,USD,1.22151E+11,4665000000,,15558000000,14358000000,11104000000,10708000000,9343000000,-1484000000,99803000000,-22354000000,-1.10749E+11,7910000000,89402000000,89402000000,,14841000000,14841000000,,,5465000000,,-89402000000,,-10952000000,,99803000000,0.879356029,0.847235391,5.961536943,1.969588728,0.282924409,0.228854724,1.30541E+11,128.7233,6.602561558,25.89323754,3.352253933,19.49596363,4.971309586,38.3990302,Apple
2023,9/30/2023,USD,3.52583E+11,1.43566E+11,29965000000,61555000000,6331000000,60985000000,2.09017E+11,43715000000,70884000000,,,,2.64965E+11,1.00544E+11,31590000000,14695000000,64758000000,2.90437E+11,1.45308E+11,62611000000,20161000000,15972000000,5985000000,1.45129E+11,859000000,1.05103E+11,9822000000,95281000000,1.11088E+11,58829000000,49848000000,62146000000,,-214000000,73812000000,15550061000,9/30/2023,USD,1.69148E+11,3.79352E+11,2.39069E+11,2.14137E+11,1.14301E+11,24932000000,29915000000,54847000000,3750000000,-3933000000,3750000000,3933000000,3.83285E+11,-382000000,8500000000,11519000000,1.13736E+11,16741000000,3933000000,96995000000,96652000000,1.17669E+11,1.2582E+11,96995000000,9/30/2023,USD,1.10543E+11,5703000000,,1142000000,7719000000,11519000000,10959000000,417000000,1618000000,96995000000,3705000000,-1.08488E+11,-7956000000,77550000000,77550000000,,15025000000,15025000000,,,5228000000,,-77550000000,,5760000000,,96995000000,0.988011672,0.94444215,4.673462492,1.560760145,0.275098346,0.203557687,1.2582E+11,191.8029,6.416795671,25.09638921,4.111327221,29.8907601,7.642649243,46.65230708,Apple
2024,9/30/2024,USD,3.6498E+11,1.52987E+11,29943000000,65171000000,7286000000,66243000000,2.11993E+11,45680000000,73448000000,,,,2.54763E+11,91479000000,35228000000,14287000000,74834000000,3.0803E+11,1.76392E+11,68960000000,21049000000,21023000000,9967000000,1.31638E+11,752000000,96662000000,10912000000,85750000000,1.06629E+11,78304000000,45888000000,56950000000,,-19154000000,83276000000,15116786000,9/30/2024,USD,1.80683E+11,3.91035E+11,2.36449E+11,2.10352E+11,1.23216E+11,26097000000,31370000000,57467000000,,,,,3.91035E+11,,8200000000,11445000000,1.23485E+11,29749000000,,93736000000,98016000000,1.23216E+11,1.34661E+11,93736000000,9/30/2024,USD,1.18254E+11,1900000000,,21572000000,17921000000,11445000000,9447000000,5144000000,1046000000,93736000000,2935000000,-1.21983E+11,7920000000,94949000000,94949000000,,15234000000,15234000000,,,0,,-94949000000,,,,93736000000,0.867312577,0.826006848,5.408779631,1.645935031,0.256825032,0.182933858,1.34661E+11,222.72,6.201193453,25.86928909,3.767580942,35.91566715,8.609436434,59.11485471,Apple
2015,12/31/2015,USD,1.47461E+11,90114000000,16549000000,73066000000,491000000,13459000000,57347000000,29016000000,11130000000,19716000000,3847000000,15869000000,65462000000,9383000000,56517000000,3139000000,,27130000000,19310000000,1931000000,939000000,3225000000,2000000000,7820000000,,3225000000,1225000000,1995000000,5225000000,13366000000,1822000000,1.20331E+11,,89223000000,32982000000,687348000,12/31/2015,USD,46825000000,74989000000,28164000000,28164000000,19360000000,15183000000,12282000000,27465000000,,-104000000,35000000,104000000,-422000000,152000000,,5063000000,19651000000,3303000000,104000000,16348000000,14447000000,19755000000,24423000000,16348000000,12/31/2015,USD,26572000000,3982000000,,1843000000,2094000000,5063000000,9915000000,2094000000,1618000000,16121000000,-23711000000,-4225000000,,1780000000,1780000000,,47000000,0,,,,,-1387000000,,-1798000000,-434000000,16348000000,4.666701191,4.641273951,0.225461436,0.13585859,0.110863211,0,24423000000,38.8039,2.797877802,12.83398939,20.59404416,13.86904745,3.023525953,1.884229232,Google
2016,12/31/2016,USD,1.67497E+11,1.05408E+11,12918000000,86333000000,268000000,14232000000,62089000000,34234000000,13293000000,19775000000,3307000000,16468000000,84085000000,10578000000,73415000000,4575000000,1819000000,28461000000,16756000000,2041000000,1301000000,0,0,11705000000,,4000000000,3935000000,3935000000,4000000000,13062000000,2665000000,1.39036E+11,,1.05131E+11,36307000000,691293000,12/31/2016,USD,55134000000,90272000000,35138000000,35138000000,23716000000,17470000000,13948000000,31418000000,,-124000000,1220000000,124000000,-475000000,88000000,,22816,24150000000,4672000000,124000000,19478000000,18950000000,24274000000,29860000000,19478000000,12/31/2016,USD,36036000000,84000000,,1848000000,2578000000,6144000000,10212000000,2578000000,2420000000,19276000000,-31165000000,-8332000000,,3693000000,3693000000,,0,0,,,,,-3395000000,,-3631000000,-170000000,19478000000,6.290761518,6.274767248,0.204702379,0.140093213,0.11628865,0,23716022816,39.5241,3.333561527,15.44959781,23.79531063,11.85641833,2.558260771,1.661003742,Google
2017,12/31/2017,USD,1.97295E+11,1.24308E+11,10715000000,1.01871E+11,749000000,18705000000,72987000000,42383000000,17264000000,19439000000,2692000000,16747000000,1.04357E+11,13713000000,91156000000,2983000000,2672000000,44793000000,24183000000,3137000000,1772000000,0,0,20180000000,26000000,4026000000,3969000000,3943000000,4026000000,2874000000,3059000000,1.52502E+11,,1.13247E+11,40247000000,694783000,12/31/2017,USD,65272000000,1.10855E+11,45583000000,45583000000,26178000000,19765000000,16625000000,36390000000,,-109000000,1312000000,109000000,-121000000,158000000,,52516,27193000000,14531000000,109000000,12506000000,14072000000,27302000000,38533000000,12662000000,12/31/2017,USD,37091000000,84000000,,6012000000,5932000000,6915000000,13184000000,3768000000,3682000000,12506000000,-31401000000,-8298000000,,4846000000,4846000000,,0,0,,,,,-4846000000,,-2203000000,405000000,12662000000,5.140305173,5.109333003,0.293720738,0.083028419,0.064178008,0,26178052516,52.5392,2.167037481,18.97227452,26.09994866,24.24471218,2.769262059,2.013000129,Google
2018,12/31/2018,USD,2.32792E+11,1.35676E+11,16701000000,1.0914E+11,1107000000,21193000000,97116000000,59719000000,22788000000,20108000000,2220000000,17888000000,1.99328E+11,15159000000,92439000000,4236000000,2693000000,55164000000,34620000000,4378000000,2180000000,,0,19280000000,62000000,4062000000,,3950000000,4062000000,28389000000,3545000000,1.77628E+11,,1.34885E+11,45049000000,695556000,12/31/2018,USD,77270000000,1.36819E+11,59549000000,59549000000,27524000000,24459000000,21419000000,45878000000,,-114000000,1878000000,114000000,1.39387E+11,378000000,,161141,34913000000,4177000000,114000000,30736000000,29520000000,35027000000,45498000000,30736000000,12/31/2018,USD,47971000000,69000000,,10052000000,3376000000,9035000000,25139000000,2169000000,7890000000,30736000000,-28504000000,-13179000000,,9075000000,9075000000,,,0,,,,,-9075000000,,5986000000,-302000000,30736000000,3.919006355,3.887030618,0.310559146,0.173035783,0.132032029,0,27524161141,52.1183,5.260311484,23.41588225,30.40013692,9.907835336,2.225767086,1.714410042,Google
2019,12/31/2019,USD,2.75909E+11,1.52578E+11,18498000000,1.19675E+11,999000000,27492000000,1.23331E+11,73646000000,30561000000,22603000000,1979000000,20624000000,1.19195E+11,14378000000,1.01177E+11,4412000000,2342000000,74467000000,45221000000,5561000000,2266000000,1199000000,0,19032000000,685000000,4685000000,0,3958000000,4685000000,36553000000,2534000000,2.01442E+11,,1.52122E+11,50552000000,688335000,12/31/2019,USD,89961000000,1.61857E+11,71896000000,71896000000,34231000000,28015000000,26018000000,54033000000,,-100000000,2427000000,100000000,1.62263E+11,102000000,,171860,39625000000,5282000000,100000000,34343000000,35447000000,39725000000,49406000000,34343000000,12/31/2019,USD,54520000000,1661000000,,7635000000,4961000000,11781000000,23548000000,4340000000,7822000000,34343000000,-29491000000,-23209000000,,18396000000,18396000000,,,0,,,,,-18396000000,,1820000000,,34343000000,3.374051879,3.351960372,0.369669682,0.170485797,0.124472199,0,34231171860,66.8032,5.877631354,27.70100976,34.47578299,11.36566688,2.41157996,1.937684781,Google
2020,12/31/2020,USD,3.19616E+11,1.74296E+11,26465000000,1.36694E+11,728000000,31384000000,1.4672E+11,84749000000,41713000000,22620000000,1445000000,21175000000,1.38984E+11,22103000000,1.10229E+11,5490000000,3953000000,97072000000,56834000000,5589000000,3024000000,1100000000,0,40238000000,1100000000,15319000000,999000000,14000000000,15319000000,47008000000,2269000000,2.22544E+11,,1.63401E+11,58510000000,675222000,12/31/2020,USD,97795000000,1.82527E+11,84732000000,84732000000,41224000000,28998000000,27573000000,56571000000,,-135000000,1865000000,135000000,994000000,-637000000,,13697000000,48082000000,7813000000,135000000,40269000000,42134000000,48217000000,55941000000,40269000000,12/31/2020,USD,65124000000,2004000000,,6833000000,7854000000,13697000000,22281000000,6524000000,5813000000,40269000000,-32773000000,-24408000000,,31149000000,31149000000,,,0,,,,,-31149000000,,7943000000,,40269000000,3.066755815,3.053946581,0.436192393,0.180948487,0.125991815,0,54921000000,87.4144,6.891836385,31.23857607,38.08728393,12.68376019,2.798283756,2.295107211,Google
2021,12/31/2021,USD,3.59268E+11,1.88143E+11,20945000000,1.39649E+11,1170000000,40270000000,1.72625E+11,97599000000,49414000000,24373000000,1417000000,22956000000,1.52164E+11,31049000000,1.18704E+11,8020000000,5361000000,1.07633E+11,64254000000,6037000000,3823000000,113000000,0,43379000000,1973000000,15440000000,0,12400000000,15440000000,52740000000,2205000000,2.51635E+11,,1.91484E+11,61774000000,662121000,12/31/2021,USD,1.46698E+11,2.57637E+11,1.10939E+11,1.10939E+11,78714000000,36422000000,31562000000,67984000000,,-346000000,1499000000,346000000,1087000000,411000000,,12441000000,90734000000,14701000000,346000000,76033000000,73777000000,91080000000,91491000000,76033000000,12/31/2021,USD,91652000000,2489000000,,8361000000,10941000000,12441000000,24640000000,9095000000,7140000000,76033000000,-35523000000,-61362000000,,50274000000,50274000000,,,0,,,,,-50274000000,,-5233000000,,76033000000,2.928113425,2.909904442,0.427734616,0.3021559,0.211633098,0,91155000000,144.4923,13.01266473,44.093274,43.06606195,11.10397471,3.276969181,3.355131476,Google
2022,12/31/2022,USD,3.65264E+11,1.64795E+11,21879000000,1.13762E+11,2670000000,40258000000,2.02772E+11,1.12668E+11,59042000000,31044000000,2084000000,28960000000,2.12885E+11,32795000000,91883000000,10775000000,8707000000,1.0912E+11,69300000000,5128000000,4507000000,298000000,0,39820000000,1844000000,15312000000,0,9900000000,15312000000,57787000000,2247000000,2.56144E+11,,1.95563E+11,68184000000,12849000000,12/31/2022,USD,1.55076E+11,2.81279E+11,1.26203E+11,1.26203E+11,74842000000,42291000000,39500000000,81791000000,,-357000000,2174000000,357000000,2.81636E+11,381000000,13475000000,13475000000,71328000000,11356000000,357000000,59972000000,53992000000,71685000000,91333000000,59972000000,12/31/2022,USD,91495000000,2722000000,,4989000000,7363000000,13475000000,31485000000,2317000000,,59972000000,-20298000000,-69757000000,,59296000000,59296000000,,,0,,,,,-59296000000,,1440000000,,59972000000,2.377994228,2.339466089,0.426010369,0.234133925,0.164188094,0,88317000000,88.0109,10.26390553,48.13948314,43.83775458,8.574796383,1.828247714,2.00765073,Google
2023,12/31/2023,USD,4.02392E+11,1.7153E+11,24048000000,1.10916E+11,0,47964000000,2.33962E+11,1.34345E+11,67458000000,29198000000,,29198000000,2.03704E+11,34108000000,86868000000,12650000000,10051000000,1.19013E+11,81814000000,7493000000,5048000000,1363000000,0,37199000000,1383000000,14862000000,1000000000,10300000000,14862000000,67393000000,1616000000,2.83379E+11,,2.11247E+11,76534000000,12460000000,12/31/2023,USD,1.72227E+11,3.05559E+11,1.33332E+11,1.33332E+11,84293000000,44342000000,45427000000,93702000000,,-308000000,3414000000,308000000,3.05867E+11,299000000,11946000000,11946000000,85717000000,11922000000,308000000,73795000000,76996000000,86025000000,1.00032E+11,73795000000,12/31/2023,USD,1.01746E+11,3173000000,,5126000000,9976000000,11946000000,32251000000,7833000000,2276000000,73795000000,-27063000000,-72093000000,,61504000000,61504000000,,,0,,,,,-61504000000,,,,73795000000,2.096584937,2.096584937,0.419978192,0.260410969,0.183390823,0,96239000000,139.3431,12.62964231,52.29488277,48.49888756,11.0330203,2.664564727,2.873119509,Google
2010,6/30/2010,USD,86113000000,55676000000,5505000000,36788000000,740000000,13014000000,30437000000,7630000000,8629000000,12394000000,1158000000,12394000000,45068000000,7754000000,31283000000,2950000000,1501000000,39938000000,26147000000,4025000000,14830000000,1000000000,1000000000,14027000000,,4900000000,,4939000000,5900000000,2931000000,7445000000,46175000000,,-16681000000,62856000000,8668000000,6/30/2010,USD,50089000000,62484000000,12395000000,12395000000,24098000000,17218000000,8714000000,26989000000,843000000,-151000000,,151000000,-139000000,14000000,1800000000,707000000,25013000000,6253000000,151000000,18760000000,18846000000,25164000000,25871000000,18760000000,6/30/2010,USD,24073000000,145000000,,-1502000000,2238000000,2507000000,1977000000,2238000000,44000000,18760000000,-11314000000,-13291000000,-991000000,11269000000,11269000000,,4578000000,4578000000,,2311000000,,,-7158000000,,-571000000,-39000000,18760000000,2.129345623,2.101044097,0.864926909,0.406280455,0.217853286,0.072833142,24805000000,21.4915,2.523241801,8.404170612,6.21059116,8.517415966,2.55724223,3.460459632,Microsoft
2011,6/30/2011,USD,1.08704E+11,74918000000,9610000000,52772000000,1372000000,14987000000,33786000000,8162000000,9829000000,13325000000,744000000,12581000000,1.07332E+11,10865000000,43162000000,3320000000,1434000000,51621000000,28774000000,4197000000,17120000000,0,0,30919000000,,11900000000,0,11921000000,11900000000,3492000000,8072000000,57083000000,,-6332000000,63415000000,8376000000,6/30/2011,USD,54366000000,69943000000,15577000000,15577000000,27161000000,18162000000,9043000000,27205000000,900000000,-295000000,,295000000,-103000000,-31000000,2000000000,537000000,28071000000,4921000000,295000000,23150000000,23958000000,28366000000,28903000000,23150000000,6/30/2011,USD,26994000000,197000000,,32459000000,3209000000,2000000000,2355000000,1451000000,561000000,23150000000,-14616000000,-8376000000,-1186000000,11555000000,11555000000,,5180000000,5180000000,,2422000000,,,-9133000000,,4105000000,103000000,23150000000,2.60366998,2.555988045,0.90431477,0.405549813,0.212963644,0.081684144,27698000000,20.5199,3.113701902,9.40741478,7.677729836,6.59019413,2.181247503,2.672652,Microsoft
2012,6/30/2012,USD,1.21271E+11,85084000000,6938000000,63040000000,1137000000,15780000000,34294000000,8269000000,10962000000,16622000000,3170000000,13452000000,1.29759E+11,9776000000,56102000000,3092000000,1520000000,54908000000,32688000000,4175000000,20059000000,1231000000,1231000000,30428000000,,11900000000,1231000000,10713000000,11900000000,3151000000,8208000000,66363000000,,566000000,65797000000,8381000000,6/30/2012,USD,56193000000,73723000000,17530000000,17530000000,21763000000,18426000000,9811000000,34430000000,800000000,-380000000,,380000000,-481000000,1000000,2200000000,558000000,22267000000,5289000000,380000000,16978000000,16537000000,22647000000,23205000000,16978000000,6/30/2012,USD,31626000000,437000000,,36657000000,727000000,2758000000,2305000000,1156000000,-184000000,16978000000,-24786000000,-9408000000,0,5029000000,5029000000,,6385000000,6385000000,,1913000000,,,-3116000000,,-2672000000,-104000000,16978000000,2.602912384,2.568128977,0.827388756,0.25583533,0.140000495,0.097040899,22321000000,21.7176,2.28356073,9.915829173,8.92590062,9.510410525,2.190195053,2.433099014,Microsoft
2013,6/30/2013,USD,1.42431E+11,1.01466E+11,3804000000,77022000000,1938000000,17486000000,39256000000,9991000000,12513000000,14655000000,3083000000,14655000000,88786000000,10844000000,73218000000,3388000000,2392000000,63487000000,37417000000,4828000000,22399000000,2999000000,0,35780000000,,15600000000,2999000000,12601000000,15600000000,3597000000,10000000000,78944000000,,9895000000,67306000000,8328000000,6/30/2013,USD,57464000000,77849000000,20385000000,20385000000,26764000000,20425000000,10411000000,30700000000,677000000,-429000000,,429000000,-270000000,194000000,2600000000,739000000,27052000000,5189000000,429000000,21863000000,22184000000,27481000000,28220000000,21863000000,6/30/2013,USD,28833000000,580000000,,46094000000,3216000000,3339000000,4257000000,1807000000,802000000,21863000000,-23811000000,-8148000000,0,5360000000,5360000000,,7455000000,7455000000,,931000000,,,-4429000000,,-3134000000,-8000000,21863000000,2.711762033,2.659967394,0.804202979,0.27694315,0.153498887,0.110762785,27503000000,31.3352,2.940598907,10.47078097,10.61805974,10.65606055,2.992632555,2.95112297,Microsoft
2014,6/30/2014,USD,1.72384E+11,1.14246E+11,8669000000,85709000000,2660000000,19544000000,55410000000,13011000000,14793000000,27108000000,6981000000,20127000000,1.00811E+11,14597000000,77040000000,4392000000,3422000000,82600000000,45625000000,7432000000,25158000000,2000000000,2000000000,47485000000,,20600000000,0,20645000000,22600000000,6906000000,11594000000,89784000000,,17710000000,68366000000,8239000000,6/30/2014,USD,59755000000,86833000000,27078000000,16681000000,27759000000,20632000000,11381000000,31996000000,883000000,-597000000,,597000000,-199000000,-169000000,3400000000,845000000,27820000000,5746000000,597000000,22074000000,24039000000,28417000000,29262000000,22074000000,6/30/2014,USD,32231000000,780000000,,46887000000,1938000000,4245000000,5485000000,1120000000,161000000,22074000000,-18833000000,-8394000000,500000000,7316000000,7316000000,,8879000000,8879000000,,607000000,,,-6709000000,,4865000000,-139000000,22074000000,2.504021918,2.445720548,0.919985744,0.245856723,0.128051327,0.129874499,28604000000,39.9662,2.968978652,11.67913941,12.07605234,13.46126217,3.422015836,3.309541801,Microsoft
2015,6/30/2015,USD,1.74472E+11,1.22797E+11,5595000000,96526000000,2902000000,17908000000,48676000000,14731000000,17606000000,21774000000,4835000000,16939000000,1.08579E+11,12053000000,90931000000,5461000000,3117000000,94389000000,49647000000,6591000000,25318000000,7484000000,4985000000,59826000000,,30300000000,2499000000,27808000000,35285000000,6555000000,13544000000,80083000000,,9096000000,68465000000,8027000000,6/30/2015,USD,60542000000,93580000000,33038000000,21410000000,18161000000,20324000000,12046000000,42381000000,766000000,-781000000,,781000000,-88000000,-267000000,4100000000,1300000000,18507000000,6314000000,781000000,12193000000,11007000000,19288000000,20588000000,12193000000,6/30/2015,USD,46203000000,2043000000,,44993000000,-1592000000,5400000000,5944000000,-1456000000,272000000,12193000000,-23001000000,-9080000000,4481000000,14443000000,14443000000,,9882000000,9882000000,,634000000,,,-13809000000,,-3074000000,-73000000,12193000000,2.47340222,2.414949544,1.178639661,0.152254536,0.069885139,0.144336522,19461000000,49.0369,1.639972669,12.58661875,10.77125656,29.90104708,3.89595498,4.552570047,Microsoft
2016,6/30/2016,USD,1.93468E+11,1.3966E+11,6510000000,1.1324E+11,2251000000,18277000000,54034000000,18356000000,19800000000,21605000000,3733000000,17872000000,1.23646E+11,10431000000,1.0673E+11,5892000000,3416000000,1.21471E+11,59357000000,6898000000,,12904000000,12904000000,74140000000,,40600000000,0,40557000000,53504000000,5949000000,13640000000,83090000000,,2282000000,68178000000,7808000000,6/30/2016,USD,58374000000,91154000000,32780000000,32780000000,26078000000,19260000000,11988000000,33357000000,903000000,-1243000000,78000000,1243000000,-564000000,-195000000,4900000000,978000000,25639000000,5100000000,1243000000,16798000000,19811000000,26882000000,27860000000,20539000000,6/30/2016,USD,33325000000,1678000000,,56134000000,1138000000,5878000000,8343000000,530000000,-600000000,16798000000,-23950000000,-8393000000,7195000000,15969000000,15969000000,,11006000000,11006000000,,668000000,,,-15301000000,,915000000,-67000000,20539000000,2.352881716,2.31495864,1.461920809,0.247189794,0.106162259,0.161430373,27056000000,56.4252,2.762519368,12.26031893,11.17570156,20.42526856,4.602262007,5.048917932,Microsoft
2017,6/30/2017,USD,2.50312E+11,1.62696E+11,7663000000,1.32981E+11,2181000000,19792000000,81235000000,23734000000,24179000000,45228000000,10106000000,35122000000,1.39004E+11,6023000000,1.25318E+11,5103000000,6076000000,1.62601E+11,55745000000,7390000000,26656000000,10121000000,9072000000,1.17665E+11,,77100000000,1049000000,76073000000,86172000000,7684000000,3549000000,87711000000,,17769000000,69315000000,7708000000,6/30/2017,USD,62310000000,96571000000,34261000000,34261000000,29025000000,20020000000,13037000000,35063000000,1387000000,-2222000000,1182000000,2222000000,-674000000,-251000000,6100000000,1700000000,29901000000,4412000000,2222000000,21204000000,24322000000,32123000000,33823000000,25489000000,6/30/2017,USD,39507000000,2068000000,,69711000000,348000000,7800000000,8129000000,925000000,-50000000,21204000000,-46781000000,8408000000,-4963000000,11788000000,11788000000,,11845000000,11845000000,,772000000,,,-11016000000,,1153000000,19000000,25489000000,2.918575657,2.879451072,1.853826772,0.290602091,0.101828918,0.170886532,30725000000,79.3998,3.428300121,12.98891172,11.79723143,23.16010769,6.112890878,6.730375723,Microsoft
2018,6/30/2018,USD,2.58848E+11,1.69662E+11,11946000000,1.33768E+11,2662000000,26481000000,84300000000,29460000000,29223000000,43736000000,8053000000,35683000000,1.29579E+11,1862000000,1.21822E+11,6751000000,7442000000,1.7613E+11,58488000000,8617000000,,3998000000,0,1.12074E+11,5568000000,76200000000,3998000000,72242000000,76200000000,8744000000,5211000000,82718000000,,13682000000,71223000000,7677000000,6/30/2018,USD,72007000000,1.07222E+11,62776000000,38353000000,35058000000,22223000000,14726000000,39149000000,2214000000,-2733000000,1522000000,2733000000,1.09955E+11,-59000000,7700000000,2200000000,36474000000,19903000000,2733000000,16571000000,13715000000,39207000000,41407000000,16571000000,6/30/2018,USD,43884000000,1697000000,,26031000000,5564000000,9900000000,11632000000,3862000000,465000000,16571000000,-6061000000,-33590000000,-7324000000,10721000000,10721000000,,12699000000,12699000000,,1002000000,,,-9719000000,,4283000000,50000000,16571000000,2.900800164,2.855286555,2.129282623,0.200331246,0.064018266,0.178299145,37258000000,95.9142,2.228818757,14.4214836,11.12566713,43.03364717,6.650785914,8.620984155,Microsoft
2019,6/30/2019,USD,2.86556E+11,1.75552E+11,11356000000,1.33819E+11,2063000000,29524000000,1.05825E+11,36477000000,35330000000,49776000000,7750000000,42026000000,1.29789E+11,2649000000,1.22463E+11,10146000000,14723000000,1.84226E+11,69420000000,9382000000,74412000000,5516000000,0,1.08618E+11,6188000000,72178000000,5516000000,66662000000,72200000000,9351000000,7581000000,1.0233E+11,,24150000000,78520000000,7643000000,6/30/2019,USD,82933000000,1.23495E+11,67908000000,42910000000,42959000000,23098000000,16876000000,41874000000,2762000000,-2686000000,812000000,2686000000,1.26181E+11,-57000000,9700000000,1900000000,43688000000,4448000000,2686000000,39240000000,41154000000,46374000000,48274000000,39240000000,6/30/2019,USD,52185000000,1917000000,,9633000000,5767000000,11600000000,13925000000,2812000000,-597000000,39240000000,-15773000000,-36887000000,0,19543000000,19543000000,,13811000000,13811000000,,1142000000,,,-18401000000,,-590000000,-115000000,39240000000,2.528838951,2.499121291,1.800312714,0.383465259,0.136936585,0.175891493,44859000000,151.1327,5.2778256,16.61022101,13.76350392,28.63541,9.098777186,10.98068493,Microsoft
2020,6/30/2020,USD,3.01311E+11,1.81915E+11,13576000000,1.36527E+11,1895000000,32011000000,1.22096E+11,44151000000,43197000000,50389000000,7038000000,43351000000,1.30044E+11,2965000000,1.22951E+11,11482000000,13138000000,1.83007E+11,72310000000,12530000000,78360000000,3749000000,3749000000,1.10697E+11,7671000000,63327000000,3749000000,59578000000,63327000000,10027000000,10632000000,1.18304E+11,,34566000000,80552000000,7571000000,6/30/2020,USD,96937000000,1.40503E+11,73159000000,46078000000,52959000000,24709000000,19269000000,46350000000,2680000000,-2591000000,2680000000,2591000000,1.43094E+11,-40000000,10700000000,2211000000,53036000000,8755000000,2591000000,44281000000,47807000000,55627000000,57838000000,44281000000,6/30/2020,USD,60675000000,2165000000,,4293000000,5776000000,12911000000,15441000000,2577000000,-168000000,44281000000,-12223000000,-46031000000,0,22968000000,22968000000,,15137000000,15137000000,,1343000000,,,-21625000000,,2220000000,-201000000,44281000000,2.515765454,2.489558844,1.54692149,0.374298418,0.146961113,0.18791588,55170000000,215.4163,5.955845959,18.89781678,15.91202548,36.16888373,11.39900458,13.53795595,Microsoft
2021,6/30/2021,USD,3.33779E+11,1.84406E+11,14224000000,1.30334E+11,2636000000,39008000000,1.52773E+11,59715000000,51351000000,57511000000,7800000000,49711000000,1.22266E+11,5984000000,1.1611E+11,13393000000,15075000000,1.91791E+11,88657000000,15163000000,88282000000,8072000000,8072000000,1.03134E+11,9629000000,58146000000,8072000000,50074000000,58146000000,11666000000,13427000000,1.41988E+11,,57055000000,83111000000,7519000000,6/30/2021,USD,1.15856E+11,1.65936E+11,79977000000,52232000000,69916000000,25224000000,20716000000,48461000000,2131000000,-2346000000,2131000000,2346000000,1.68282E+11,98000000,9300000000,2521000000,71102000000,9831000000,2346000000,61271000000,59897000000,73448000000,75969000000,61271000000,6/30/2021,USD,76740000000,2438000000,,10673000000,11609000000,11821000000,20622000000,6481000000,737000000,61271000000,-27577000000,-48486000000,,27385000000,27385000000,,16521000000,16521000000,,1693000000,,,-25692000000,,648000000,-29000000,61271000000,2.079993684,2.050261119,1.350754993,0.431522382,0.18356757,0.198782351,72437000000,328.4584,8.241020702,22.31858483,19.097551,39.85651922,14.71681123,17.19898012,Microsoft
2022,6/30/2022,USD,3.6484E+11,1.69684E+11,13931000000,1.04757E+11,3742000000,45261000000,1.98956E+11,74398000000,59660000000,78822000000,11298000000,67524000000,95583000000,6891000000,90826000000,16924000000,21897000000,1.98298E+11,95082000000,19000000000,96816000000,2749000000,2749000000,1.03216E+11,11489000000,49781000000,2749000000,47032000000,49781000000,13067000000,15526000000,1.66542E+11,,84281000000,86939000000,7464000000,6/30/2022,USD,1.3562E+11,1.96109E+11,93355000000,62650000000,83383000000,27725000000,24512000000,55217000000,2094000000,-2063000000,2094000000,2063000000,1.98172E+11,-32000000,12600000000,2980000000,83716000000,10978000000,2063000000,72738000000,66238000000,85779000000,88759000000,72738000000,6/30/2022,USD,89035000000,2797000000,,11917000000,11471000000,15580000000,23886000000,6834000000,1123000000,72738000000,-30311000000,-58876000000,,32696000000,32696000000,,18135000000,18135000000,,1841000000,,,-30855000000,,-152000000,,72738000000,1.784606971,1.745251467,1.190678628,0.436754693,0.199369587,0.208594532,86363000000,236.4356,9.783345528,26.3768884,22.40009254,24.16715216,8.963741153,10.55511711,Microsoft
2023,6/30/2023,USD,4.11976E+11,1.84257E+11,34704000000,1.11262E+11,2500000000,48688000000,2.32219E+11,95641000000,68251000000,77252000000,9366000000,67886000000,95599000000,9879000000,76558000000,21807000000,30601000000,2.05753E+11,1.04149E+11,18095000000,1.07626E+11,5247000000,0,1.01604E+11,12728000000,47237000000,5247000000,41990000000,47237000000,14745000000,17981000000,2.06223E+11,,1.18848E+11,93718000000,7432000000,6/30/2023,USD,1.46052E+11,2.09747E+11,1.00049E+11,65863000000,88523000000,30334000000,27195000000,61381000000,2994000000,-1968000000,1041000000,1968000000,2.11715E+11,-223000000,11000000000,3852000000,89311000000,16950000000,1968000000,72361000000,70696000000,91279000000,95131000000,72361000000,6/30/2023,USD,87582000000,3207000000,,5281000000,7669000000,14852000000,28107000000,4087000000,-1242000000,72361000000,-22680000000,-43935000000,,22245000000,22245000000,,19800000000,19800000000,,1866000000,,,-20379000000,,,,72361000000,1.769167251,1.74516318,0.997720914,0.350887146,0.175643727,0.211272114,92375000000,374.022,9.73263859,28.21121524,27.73723315,38.42966083,13.25791877,13.48447403,Microsoft
2012,12/31/2012,USD,15103000000,11267000000,2384000000,9626000000,0,719000000,3836000000,2391000000,882000000,1388000000,801000000,587000000,7242000000,,7242000000,471000000,57000000,3348000000,1052000000,65000000,8000000,365000000,365000000,2296000000,491000000,1500000000,365000000,1500000000,1500000000,592000000,305000000,11755000000,,1659000000,0,2372000000,12/31/2012,USD,3725000000,5089000000,1364000000,1364000000,538000000,1788000000,1399000000,3316000000,14000000,-51000000,,51000000,-9000000,2000000,566000000,78000000,494000000,441000000,51000000,53000000,61000000,545000000,623000000,53000000,12/31/2012,USD,1612000000,1071000000,131000000,144000000,633000000,649000000,1235000000,621000000,-262000000,53000000,-7024000000,6283000000,,,,,,0,,6760000000,,,6777000000,,872000000,1000000,53000000,10.71007605,10.71007605,0.284814972,0.00450872,0.003509237,,616000000,26.5401,0.024311927,2.33440367,5.392201835,1091.649396,11.36911338,4.921941131,Meta
2013,12/31/2013,USD,17895000000,13070000000,3323000000,11449000000,0,1109000000,4825000000,2882000000,1260000000,1722000000,883000000,839000000,4704000000,,8126000000,461000000,221000000,2425000000,1100000000,87000000,13000000,239000000,239000000,2211000000,237000000,237000000,239000000,0,476000000,736000000,1088000000,15470000000,,3159000000,0,2456000000,12/31/2013,USD,5997000000,7872000000,1875000000,1875000000,2804000000,1778000000,1415000000,3450000000,19000000,-56000000,19000000,56000000,-70000000,1000000,857000000,145000000,2754000000,1254000000,56000000,1500000000,1512000000,2810000000,2955000000,1500000000,12/31/2013,USD,4222000000,729000000,421000000,829000000,165000000,1011000000,1362000000,-22000000,1020000000,1500000000,-2624000000,-667000000,,,,,,0,,1478000000,,,1504000000,,939000000,8000000,1500000000,11.88181818,11.88181818,0.15675501,0.096961862,0.083822297,,2949000000,54.4855,0.688073394,3.611009174,7.096330275,79.18559333,15.08871824,7.677982547,Meta
2014,12/31/2014,USD,39966000000,13390000000,4315000000,11199000000,0,1678000000,26514000000,3967000000,1817000000,21910000000,3929000000,17981000000,3422000000,,6884000000,793000000,699000000,3870000000,1424000000,176000000,38000000,114000000,114000000,4841000000,119000000,119000000,114000000,,233000000,1068000000,2327000000,36096000000,,6099000000,0,2761000000,12/31/2014,USD,10313000000,12466000000,2153000000,2153000000,4994000000,2653000000,2666000000,5657000000,27000000,-23000000,27000000,23000000,-87000000,-1000000,923000000,319000000,4910000000,1970000000,23000000,2940000000,2698000000,4933000000,5252000000,2940000000,12/31/2014,USD,7326000000,2067000000,6000000,715000000,949000000,1243000000,1831000000,610000000,307000000,2940000000,-5913000000,-298000000,,,,,,0,,0,,,18000000,,992000000,-123000000,2940000000,9.403089888,9.403089888,0.107214096,0.081449468,0.073562528,,5313000000,77.7866,1.348623853,5.718348624,16.55779817,57.67849932,13.60298315,4.69788309,Meta
2015,12/31/2015,USD,49407000000,21652000000,4907000000,18434000000,0,2559000000,27755000000,5687000000,2132000000,21272000000,3246000000,18026000000,5029000000,,13527000000,659000000,796000000,5189000000,1925000000,196000000,28000000,208000000,7000000,6152000000,107000000,201000000,201000000,,201000000,1666000000,3157000000,44218000000,,9787000000,0,2824000000,12/31/2015,USD,15061000000,17928000000,2867000000,2867000000,6225000000,4020000000,4816000000,9610000000,52000000,-23000000,52000000,23000000,-66000000,6000000,1220000000,730000000,6194000000,2506000000,23000000,3688000000,3461000000,6217000000,6947000000,3688000000,12/31/2015,USD,10320000000,2004000000,3000000,1887000000,1120000000,1945000000,2523000000,973000000,1748000000,3688000000,-9434000000,-139000000,,0,0,,,0,,0,,,-20000000,,592000000,-155000000,3688000000,11.24779221,11.24779221,0.1173504,0.083404948,0.074645293,,6955000000,104.3469,1.691743119,8.223853211,20.28348624,61.680109,12.68832229,5.144426297,Meta
2016,12/31/2016,USD,64961000000,34401000000,8903000000,29449000000,0,3993000000,30560000000,8591000000,3212000000,20657000000,2535000000,18122000000,20546000000,,20546000000,959000000,1312000000,5767000000,2875000000,302000000,62000000,,1247000000,5323000000,,112000000,280000000,,,2483000000,2892000000,59194000000,,21670000000,0,2881000000,12/31/2016,USD,23849000000,27638000000,3789000000,3789000000,12427000000,5503000000,5919000000,12239000000,176000000,-10000000,176000000,10000000,-76000000,1000000,1590000000,751000000,12518000000,2301000000,10000000,10217000000,9969000000,12528000000,13279000000,10217000000,12/31/2016,USD,16108000000,11000000,,2325000000,1634000000,2342000000,4491000000,1489000000,2198000000,10217000000,-11792000000,-310000000,0,0,0,,,0,,,,,-6000000,,3996000000,-63000000,10217000000,11.96556522,11.96556522,0.097425415,0.172601953,0.157278983,,13178000000,114.7058,4.686697248,12.67798165,27.15321101,24.47476206,9.047638903,4.224391729,Meta
2017,12/31/2017,USD,84524000000,48563000000,8079000000,41711000000,0,5832000000,35961000000,13721000000,4616000000,20105000000,1884000000,18221000000,33632000000,,33632000000,1020000000,2135000000,10177000000,3760000000,380000000,68000000,,2081000000,6417000000,,72000000,390000000,,72000000,3282000000,6417000000,74347000000,,33990000000,0,2910000000,12/31/2017,USD,35199000000,40653000000,5454000000,5454000000,20203000000,7242000000,7754000000,15736000000,398000000,-6000000,398000000,6000000,-6000000,5000000,2330000000,692000000,20594000000,4660000000,6000000,15934000000,16410000000,20600000000,21292000000,15934000000,12/31/2017,USD,24216000000,0,,3439000000,1647000000,3025000000,6733000000,1609000000,3449000000,15934000000,-20118000000,-5235000000,0,1976000000,1976000000,,,0,,,,,-1976000000,,-824000000,233000000,15934000000,12.91569149,12.91569149,0.136885147,0.21431934,0.188514505,,20895000000,175.9321,7.309174312,18.64816514,34.10412844,24.07003753,9.434284751,5.158674567,Meta
2018,12/31/2018,USD,97334000000,50480000000,10019000000,41114000000,0,7587000000,46854000000,24683000000,6890000000,19595000000,1294000000,18301000000,62190000000,,31095000000,1779000000,2576000000,13207000000,7017000000,820000000,264000000,,500000000,6190000000,418000000,,500000000,,500000000,5550000000,6190000000,84127000000,,41981000000,0,2875000000,12/31/2018,USD,46261000000,55616000000,9355000000,9355000000,24913000000,11297000000,10273000000,22287000000,661000000,-9000000,661000000,9000000,55625000000,9000000,3680000000,640000000,25361000000,3249000000,9000000,22112000000,21610000000,25370000000,26010000000,22112000000,12/31/2018,USD,29274000000,1000000,,1057000000,2741000000,4315000000,13915000000,1892000000,91000000,22112000000,-11603000000,-15572000000,500000000,12879000000,12879000000,,,0,,,,,-12879000000,,2099000000,,22112000000,7.193957532,7.193957532,0.156988838,0.262840705,0.227176526,,25553000000,130.6978,10.14311927,25.51192661,38.59036697,12.88536559,5.123007839,3.386798578,Meta
2019,12/31/2019,USD,1.33376E+11,66225000000,19079000000,54855000000,0,9518000000,31828000000,35323000000,10663000000,19609000000,894000000,18715000000,71552000000,,35776000000,1852000000,2673000000,32322000000,15053000000,1363000000,503000000,855000000,800000000,18308000000,418000000,,800000000,,10324000000,12621000000,7745000000,1.01054E+11,,55692000000,0,2851000000,12/31/2019,USD,57802000000,70572000000,12770000000,12770000000,23986000000,20341000000,13600000000,34698000000,924000000,-20000000,924000000,20000000,70592000000,27000000,5180000000,757000000,24812000000,6327000000,20000000,18485000000,18756000000,24832000000,25589000000,18485000000,12/31/2019,USD,36314000000,914000000,,9123000000,1873000000,5741000000,15102000000,1961000000,8975000000,18485000000,-19864000000,-7299000000,-223000000,4202000000,4202000000,,2337000000,2337000000,,,,,-4202000000,,9151000000,,18485000000,4.399455258,4.399455258,0.319848794,0.182922002,0.13859315,inf,24743000000,204.636,8.479357798,32.37247706,46.35504587,24.13343143,6.321295698,4.414535595,Meta
2020,12/31/2020,USD,1.59316E+11,75670000000,17576000000,61954000000,0,11335000000,31779000000,45633000000,,19673000000,623000000,19050000000,88756000000,62000000,44378000000,2381000000,2758000000,31026000000,14981000000,1331000000,717000000,54000000,1023000000,21539000000,469000000,,,,10654000000,12245000000,6414000000,1.2829E+11,,77345000000,0,2854000000,12/31/2020,USD,69130000000,85822000000,16692000000,16692000000,32671000000,18155000000,18447000000,37334000000,,-14000000,672000000,14000000,85836000000,-34000000,6390000000,732000000,33180000000,4034000000,14000000,29146000000,30562000000,32671000000,33926000000,29146000000,12/31/2020,USD,38747000000,1222000000,,-1312000000,1411000000,6862000000,15115000000,1512000000,-1302000000,29146000000,-30059000000,-10292000000,24000000,6272000000,6272000000,,,0,,,0,,-6272000000,,-1604000000,,29146000000,5.051064682,5.051064682,0.2418427,0.227188401,0.182944588,,33403000000,272.3428,13.36972477,39.36788991,58.84862385,20.37011267,6.917891729,4.627853332,Meta
2021,12/31/2021,USD,1.65987E+11,66666000000,16601000000,47998000000,0,14039000000,34771000000,57809000000,,19831000000,634000000,19197000000,62828000000,34000000,31397000000,4629000000,2751000000,41108000000,21135000000,5135000000,1113000000,75000000,1127000000,26417000000,506000000,,,0,13873000000,15364000000,7227000000,1.24879E+11,,69761000000,0,2764000000,12/31/2021,USD,95125000000,1.17774E+11,22649000000,22649000000,46753000000,23872000000,24655000000,49278000000,,-15000000,484000000,15000000,1.17789E+11,210000000,7560000000,751000000,47284000000,7914000000,15000000,39370000000,37750000000,46753000000,48050000000,39370000000,12/31/2021,USD,57683000000,1421000000,,5909000000,5209000000,7967000000,18567000000,3110000000,2187000000,39370000000,-7570000000,-50728000000,14000000,44537000000,44537000000,,,0,,,0,,-44537000000,,-615000000,,39370000000,3.154293825,3.154293825,0.329182649,0.315265177,0.23718725,,47504000000,335.3438,18.05963303,54.02477064,57.28394495,18.56869403,6.20722302,5.854062605,Meta
2022,12/31/2022,USD,1.85727E+11,59549000000,14681000000,40763000000,0,13466000000,40476000000,79518000000,,21203000000,897000000,20306000000,52106000000,17000000,26082000000,5345000000,6583000000,60014000000,27026000000,6107000000,1008000000,129000000,10000000000,40191000000,558000000,9923000000,,9923000000,19923000000,4906000000,7764000000,1.25713E+11,,64799000000,0,2639000000,12/31/2022,USD,91103000000,1.16352E+11,25249000000,25249000000,28944000000,27078000000,35338000000,62981000000,461000000,-176000000,9000000,185000000,1.16528E+11,-320000000,8500000000,565000000,28819000000,5619000000,176000000,23200000000,20363000000,28944000000,29560000000,23200000000,12/31/2022,USD,50475000000,1670000000,,5396000000,-287000000,8686000000,31431000000,-231000000,,23200000000,-28970000000,-22136000000,,27956000000,27956000000,,,0,,,9921000000,,-27956000000,,-631000000,,23200000000,2.203396729,2.203396729,0.477388973,0.184547342,0.124914525,,29509000000,119.98,10.64220183,53.37247706,57.66651376,11.27398276,2.24797511,2.080583551,Meta
2023,12/31/2023,USD,2.29623E+11,85365000000,41862000000,65403000000,0,16169000000,41588000000,96587000000,,21442000000,788000000,20654000000,47140000000,58000000,23541000000,3793000000,7582000000,76455000000,31960000000,5712000000,1301000000,90000000,1623000000,52609000000,600000000,18385000000,,18385000000,18385000000,5506000000,1370000000,1.53168E+11,,82070000000,0,2565000000,12/31/2023,USD,1.08131E+11,1.3409E+11,25959000000,25959000000,46751000000,23709000000,38483000000,65134000000,1639000000,-446000000,1639000000,446000000,1.34536E+11,-150000000,11020000000,510000000,47428000000,8330000000,446000000,39098000000,40473000000,47874000000,48384000000,39098000000,12/31/2023,USD,71113000000,2701000000,,5756000000,1920000000,11178000000,27266000000,2399000000,,39098000000,-24495000000,-19500000000,,19774000000,19774000000,,,0,,,8455000000,,-19774000000,,,,39098000000,2.670994994,2.670994994,0.499157788,0.255262196,0.1702704,,47261000000,352.9011,17.93486239,61.50917431,70.26055046,19.67682229,5.737373391,5.022748864,Meta
